@Article{ex1,
  author = 	 {ROUSE, Margaret},
  title = 	 {What is MySQL?},
  publisher = 	 {TechTarget},
  year = 	 {2013},
}
